@inproceedings{predict-failures,
    author = {Zhang, Darui and Xu, Bin and Wood, Jasmine},
    year = {2016},
    month = {12},
    pages = {2070-2074},
    title = {Predict failures in production lines: A two-stage approach with clustering and supervised learning},
    doi = {10.1109/BigData.2016.7840832}
}

@article{gap,
    author = {Robert Tibshirani and Guenther Walther and Trevor Hastie},
    title = {Estimating the number of clusters in a dataset via the Gap statistic},
    journal = {},
    year = {2000},
    volume = {63},
    pages = {411--423}
}
